@misc{cit:1,
	author= {{docdoc}},
	year  = {2020},
	title = {Apa itu Kardiologi: Gambaran Umum},
	note  = {\url{https://www.docdoc.com/id/info/specialty/kardiologi}, 
	Last accessed on December 2019},
}

@misc{cit:2,
	author= {{World Health Organisationn}},
	year  = {2018},
	title = {The top 10 causes of death},
	note  = {\url{https://www.who.int/news-room/fact-sheets/detail/the-top-10-causes-of-death}, 
	Last accessed on December 2019},
}

@misc{cit:3,
	author= {{KEMENTRIAN KESEHATAN REPUBLIK INDONESIA}},
	year  = {2018},
	title = {Indonesia dalam Risiko Penyakit Kardiovaskular},
	note  = {\url{http://p2ptm.kemkes.go.id/artikel-sehat/indonesia-dalam-risiko-penyakit-kardiovaskular}, 
	Last accessed on December 2019},
}

@article{cit:4,
	title={IoT based Real Time ECG Monitoring System
	using Cypress WICED},
	author={Uttam U. Deshpande, Milan A. Kulkarni
	},
	journal={International Journal of Advanced Research in Electrical,
	Electronics and Instrumentation Engineering},
	volume={6},
	pages={710--720},
	year={2017},
	
}

@misc{cit:5,
	author= {How to Electronocs},
	year  = {2019},
	title = {Pemantauan Grafik EKG dengan Sensor EKG AD8232 \& Arduino},
	note  = {\url{https://how2electronics.com/ecg-monitoring-with-ad8232-ecg-sensor-arduino/}, 
	Last accessed on December 2019},
}

@misc{cit:6,
	author= {Wikipedia},
	year  = {2021},
	title = {Arduino},
	note  = {\url{https://id.wikipedia.org/wiki/Arduino}, 
	Last accessed on December 2019},
}

@article{cit:7,
	title={An IoT-cloud Based Wearable ECG Monitoring System
	for Smart Healthcare},
	author={Zhe Yang, Qihao Zhou1, Lei Lei, Kan Zheng, Wei Xiang},
	journal={Journal of Medical Systems},
	volume={40},
	year={2016}
}

@article{cit:8,
	author={dicoding},
	year  ={},
	title ={Kenapa Flutter Layak Kamu Pelajari: 3 Alasan},
	note ={\url{https://www.dicoding.com/blog/kenapa-flutter/}, Last accesed on December 2020}, 
}

@article{cit:9,
	author={Qwords},
	year  ={2019},
	title ={Pengertian XAMPP Lengkap dengan Fungsi dan Cara Instalasi},
	note ={\url{https://qwords.com/blog/pengertian-xampp/}, Last accesed on December 2020},
}

@article{cit:10,
	author={The Conversation},
	year  ={2018},
	title ={Your Apple Watch can now record your ECG â€“ but what does that mean and can you trust it?},
	note ={\url{https://theconversation.com/your-apple-watch-can-now-record-your-ecg-but-what-does-that-mean-and-can-you-trust-it-103430}, Last accesed on December 2020},
}

@article{cit:11,
	title={Mobile Application (Mobile App)},
	author={techopedia},
	year={2020},
	note={\url{https://www.techopedia.com/definition/2953/mobile-application-mobile-app}, Last accesed on January}
}

@article{cit:12,
	title={Profil Kardiologi dan Kedokteran Vaskular},
	author={Fakultas Kedokteran Universitas Airlangga},
	year={2013},
	note={\url{https://fk.unair.ac.id/archives/2013/10/24/profil-kardiologi-dan-kedokteran-vaskular.html}, Last accesed on Juny 2021}
}

@article{cit:13,
	title={Elektrokardiogram (EKG)},
	author={halodoc},	
	year={2021},
	note={\url{https://www.halodoc.com/kesehatan/elektrokardiogram-ekg}, Last accesed on Juny 2021}
}

@article{cit:14,
	title={Elektrokardiogram/Elektrokardiografi (EKG)},
	author={hellosehat},
	year={2019},
	note={\url{https://hellosehat.com/jantung/aritmia/ekg-adalah-elektrokardiografi/}, Last accesed on Juny 2021}
}

@article{cit:15,
	title={What to know about arrhythmia},
	author={medicalnewstoday},
	year={2020},
	note={\url{https://www.medicalnewstoday.com/articles/8887}, Last accesed on Juny 2021}
}

@article{cit:16,
	title={What is Arduino?},
	author={ARDUINO},
	year={2018},
	note={\url{https://www.arduino.cc/en/Guide/Introduction}, Last accesed on Juny 2021}
}

@article{cit:17,
	title={Visual Studio Code},
	author={wikipedia},
	year={2021},
	note={\url{https://en.wikipedia.org/wiki/Visual_Studio_Code}, Last accesed on Juny 2021}
}

@article{cit:18,
	title={Adobe XD},
	author={wikipedia},
	year={2021},
	note={\url{https://en.wikipedia.org/wiki/Adobe_XD}, Last accesed on Juny 2021}
}

@article{cit:19,
	title={Arduino Nano},
	author={Arduinoku wordpress},
	year={2015},
	note={\url{https://djukarna4arduino.wordpress.com/2015/01/19/arduino-nano/}, Last accesed on Juny 2021}
}

@article{cit:20,
	title={HC-05 pinout, specifications, datasheet and HC05 Arduino connection},
	author={eTechnophiles},
	year={},
	note={\url{https://www.etechnophiles.com/hc-05-pinout-specifications-datasheet/}, Last accesed on Juny 2021}
}

@article{cit:21,
	title={About Postman},
	author={POSTMAN},
	year={},
	note={\url{https://www.postman.com/company/about-postman/}, Last accesed on Juny 2021}
}

@article{cit:22,
	title={AD8232 Heart Rate Monitor Module with Electrodes},
	author={Proto Supplies},
	year={2021},
	note={\url{https://protosupplies.com/product/ad8232-heart-rate-monitor-module-with-electrodes/}, Last accesed on Juny 2021}
}


@mastersthesis{cit:99,
	document_type     = {},
	timestamp         = {},
	author            = {},
	title             = {},
	school            = {},
	year              = {},
	type              = {},
	month             = {},
}















