@misc{cit:1,
	author= {{docdoc}},
	year  = {2020},
	title = {Apa itu Kardiologi: Gambaran Umum},
	note  = {\url{https://www.docdoc.com/id/info/specialty/kardiologi}, 
	Last accessed on December 2019},
}

@misc{cit:2,
	author= {{World Health Organisationn}},
	year  = {2018},
	title = {The top 10 causes of death},
	note  = {\url{https://www.who.int/news-room/fact-sheets/detail/the-top-10-causes-of-death}, 
	Last accessed on December 2019},
}

@misc{cit:3,
	author= {{KEMENTRIAN KESEHATAN REPUBLIK INDONESIA}},
	year  = {2018},
	title = {Indonesia dalam Risiko Penyakit Kardiovaskular},
	note  = {\url{http://p2ptm.kemkes.go.id/artikel-sehat/indonesia-dalam-risiko-penyakit-kardiovaskular}, 
	Last accessed on December 2019},
}

@article{cit:4,
	title={IoT based Real Time ECG Monitoring System
	using Cypress WICED},
	author={Uttam U. Deshpande, Milan A. Kulkarni
	},
	journal={International Journal of Advanced Research in Electrical,
	Electronics and Instrumentation Engineering},
	volume={6},
	pages={710--720},
	year={2017},
	
}

@misc{cit:5,
	author= {{How to Electronocs}},
	year  = {2019},
	title = {Pemantauan Grafik EKG dengan Sensor EKG AD8232 \& Arduino},
	note  = {\url{https://how2electronics.com/ecg-monitoring-with-ad8232-ecg-sensor-arduino/}, 
	Last accessed on December 2019},
}

@article{cit:6,
	title={An IoT-cloud Based Wearable ECG Monitoring System
	for Smart Healthcare},
	author={Zhe Yang, Qihao Zhou1, Lei Lei, Kan Zheng, Wei Xiang},
	journal={Journal of Medical Systems},
	volume={40},
	year={2016}
}

@article{cit:7,
	title={Klasifikasi Sinyal Ecg Menggunakan Deep Learning Dengan Stacked Denoising Autoencoders},
	author={Muhammad, Ilham and Jondri, Jondri and Wisesty, Untari},
	journal={eProceedings of Engineering},
	volume={4},
	number={3},
	year={2017}
}

@article{cit:8,
	title={Automatic QRS complex detection using two-level convolutional neural network},
	author={Xiang, Yande and Lin, Zhitao and Meng, Jianyi},
	journal={Biomedical engineering online},
	volume={17},
	number={1},
	pages={13},
	year={2018},
	publisher={BioMed Central}
}

@article{cit:9,
	title={Cardiac arrhythmia detection using deep learning},
	author={Isin, Ali and Ozdalili, Selen},
	journal={Procedia computer science},
	volume={120},
	pages={268--275},
	year={2017},
	publisher={Elsevier}
}

@article{cit:10,
	title={Arrhythmia detection using deep convolutional neural network with long duration ECG signals},
	author={Y{\i}ld{\i}r{\i}m, {\"O}zal and P{\l}awiak, Pawe{\l} and Tan, Ru-San and Acharya, U Rajendra},
	journal={Computers in biology and medicine},
	volume={102},
	pages={411--420},
	year={2018},
	publisher={Elsevier}
}

@article{cit:11,
	title={Perbandingan Metode Svm, Fuzzy-Knn, Dan Bdt-Svm Untuk Klasifikasi Detak Jantung Hasil Elektrokardiografi},
	author={Hasanah, Uswatun and Mayangsari, Lintang Resita and Pratama, Andhica and Cholissodin, Imam},
	journal={Jurnal Teknologi Informasi dan Ilmu Komputer},
	volume={3},
	number={3},
	pages={201--207},
	year={2016}
}

@article{cit:12,
	title={A deep convolutional neural network model to classify heartbeats},
	author={Acharya, U Rajendra and Oh, Shu Lih and Hagiwara, Yuki and Tan, Jen Hong and Adam, Muhammad and Gertych, Arkadiusz and San Tan, Ru},
	journal={Computers in biology and medicine},
	volume={89},
	pages={389--396},
	year={2017},
	publisher={Elsevier}
}

@article{cit:13,
	title={Electrocardiogram Classification Based on Faster Regions with Convolutional Neural Network},
	author={Ji, Yinsheng and Zhang, Sen and Xiao, Wendong},
	journal={Sensors},
	volume={19},
	number={11},
	pages={2558},
	year={2019},
	publisher={Multidisciplinary Digital Publishing Institute}
}

@misc{cit:14,
	author= {{Tarang Shah}},
	year  = {2017},
	title = {About Train, Validation and Test Sets in Machine Learning},
	note  = {\url{https://towardsdatascience.com/train-validation-and-test-sets-72cb40cba9e7}, 
	Last accessed on 2020-03-03},
}

@misc{cit:15,
	author= {{MathWorks}},
	year  = {},
	title = {Convolutional Neural Network},
	note  = {\url{https://www.mathworks.com/solutions/deep-learning/convolutional-neural-network.html}, 
	Last accessed on 2020-03-03},
}

@mastersthesis{cit:99,
	document_type     = {},
	timestamp         = {},
	author            = {},
	title             = {},
	school            = {},
	year              = {},
	type              = {},
	month             = {},
}















